% Core Studies from Systematic Review Excel File

@article{lu2021multiobjective,
  title={A multiobjective multiperiod mean-semientropy-skewness model for uncertain portfolio selection},
  author={Lu, Shuang and Zhang, Ning and Jia, Lifen},
  journal={Applied Intelligence},
  volume={51},
  number={8},
  pages={5233--5258},
  year={2021},
  publisher={Springer},
  doi={10.1007/s10489-020-02079-3}
}

@article{martinez2021experimental,
  title={An experimental study on diversification in portfolio optimization},
  author={Mart{\'i}nez-Nieto, Laura and Fern{\'a}ndez-Navarro, Francisco and Carbonero-Ruz, Mariano and Montero-Romero, Teresa},
  journal={Expert Systems with Applications},
  volume={181},
  pages={115203},
  year={2021},
  publisher={Elsevier},
  doi={10.1016/j.eswa.2021.115203}
}

@article{vanzyl2022pareto,
  title={Pareto Driven Surrogate (ParDen-Sur) Assisted Optimisation of Multi-period Portfolio Backtest Simulations},
  author={van Zyl, Terence VL and Woolway, Matthew and Paskaramoorthy, Andrew},
  journal={arXiv preprint arXiv:2209.13528},
  year={2022}
}

@article{gupta2020intuitionistic,
  title={Intuitionistic fuzzy optimistic and pessimistic multi-period portfolio optimization models},
  author={Gupta, Pankaj and Mehlawat, Mukesh Kumar and Yadav, Sanjay and others},
  journal={Soft Computing},
  volume={24},
  pages={11931--11956},
  year={2020},
  publisher={Springer},
  doi={10.1007/s00500-019-04639-3}
}

% Classic References

@article{markowitz1952,
  title={Portfolio selection},
  author={Markowitz, Harry},
  journal={The Journal of Finance},
  volume={7},
  number={1},
  pages={77--91},
  year={1952},
  publisher={Wiley Online Library}
}

@article{kolm2014sixty,
  title={60 years of portfolio optimization: Practical challenges and current trends},
  author={Kolm, Petter N and T{\"u}t{\"u}nc{\"u}, Reha and Fabozzi, Frank J},
  journal={European Journal of Operational Research},
  volume={234},
  number={2},
  pages={356--371},
  year={2014},
  publisher={Elsevier},
  doi={10.1016/j.ejor.2013.10.060}
}

% Evolutionary Algorithms

@article{deb2002fast,
  title={A fast and elitist multiobjective genetic algorithm: NSGA-II},
  author={Deb, Kalyanmoy and Pratap, Amrit and Agarwal, Sameer and Meyarivan, TAMT},
  journal={IEEE Transactions on Evolutionary Computation},
  volume={6},
  number={2},
  pages={182--197},
  year={2002},
  publisher={IEEE}
}

@article{deb2014evolutionary,
  title={An evolutionary many-objective optimization algorithm using reference-point-based nondominated sorting approach, part I: Solving problems with box constraints},
  author={Deb, Kalyanmoy and Jain, Himanshu},
  journal={IEEE Transactions on Evolutionary Computation},
  volume={18},
  number={4},
  pages={577--601},
  year={2014},
  publisher={IEEE}
}

@article{zhao2020moead,
  title={An MOEA/D-based strategy for multi-objective portfolio optimization in capital markets},
  author={Zhao, Pengxiang and Yang, Naxin and Gao, Shang},
  journal={Authorea Preprints},
  year={2020},
  doi={10.22541/au.159974833.32825198}
}

@article{krink2011multiobjective,
  title={Multiobjective optimization using differential evolution for real-world portfolio optimization},
  author={Krink, Thiemo and Paterlini, Sandra},
  journal={Computational Management Science},
  volume={8},
  pages={157--179},
  year={2011},
  publisher={Springer},
  doi={10.1007/s10287-009-0107-6}
}

@article{ardia2011differential,
  title={Differential Evolution with DEoptim: An application to non-convex portfolio optimization},
  author={Ardia, David and Boudt, Kris and Carl, Peter and Mullen, Katharine M and Peterson, Brian G},
  journal={R Journal},
  volume={3},
  number={1},
  pages={27--34},
  year={2011},
  doi={10.32614/RJ-2011-005}
}

% Machine Learning & Deep Learning

@article{ma2020portfolio,
  title={Portfolio optimization with return prediction using deep learning and machine learning},
  author={Ma, Yilin and Han, Ruizhu and Wang, Wanfeng},
  journal={Expert Systems with Applications},
  volume={165},
  pages={113973},
  year={2021},
  publisher={Elsevier},
  doi={10.1016/j.eswa.2020.113973}
}

@article{chen2021machine,
  title={Mean-variance portfolio optimization using machine learning-based stock price prediction},
  author={Chen, Wei and Zhang, Helu and Mehlawat, Mukesh Kumar and Jia, Lifen},
  journal={Applied Soft Computing},
  volume={100},
  pages={106943},
  year={2021},
  publisher={Elsevier},
  doi={10.1016/j.asoc.2020.106943}
}

% Multi-Period Optimization

@article{mohebi2018multi,
  title={Multi-period portfolio optimization using dynamic programming approach},
  author={Mohebi, Nasrin and Najafi, Amir Abbas},
  journal={Industrial Management Studies},
  volume={16},
  number={50},
  pages={1--26},
  year={2018},
  doi={10.22054/jims.2018.9104}
}

@article{oprisor2021multi,
  title={Multi-period optimization with investor views under regime switching},
  author={Oprisor, Razvan Gabriel and Kwon, Roy H},
  journal={Journal of Risk and Financial Management},
  volume={14},
  number={1},
  pages={3},
  year={2021},
  publisher={MDPI},
  doi={10.3390/jrfm14010003}
}

% Agricultural Commodities & Forecasting

@article{guidolin2020forecasting,
  title={Forecasting commodity futures returns with stepwise regressions: Do commodity-specific factors help?},
  author={Guidolin, Massimo and Pedio, Manuela},
  journal={Journal of Forecasting},
  volume={39},
  number={4},
  pages={544--565},
  year={2020},
  publisher={Wiley Online Library}
}

@article{ramirez2003forecasting,
  title={Forecasting agricultural commodity prices with asymmetric-error GARCH models},
  author={Ram{\'}irez, Octavio A and Fadiga, Mohamadou},
  journal={Journal of Agricultural and Resource Economics},
  pages={285--297},
  year={2003},
  publisher={JSTOR}
}

@article{zhang2020forecasting,
  title={Forecasting agricultural commodity prices using model selection framework with time series features and forecast horizons},
  author={Zhang, Dingbang and Zhang, Xin and Xu, Jiawen and Zhao, Jia and Yu, Xudong},
  journal={Food Policy},
  volume={95},
  pages={101898},
  year={2020},
  publisher={Elsevier}
}

@article{mirantes2013stochastic,
  title={The stochastic seasonal behavior of energy commodity convenience yields},
  author={Mirantes, A Garc{\'\i}a and Poblaci{\'o}n, Javier and Serna, Gregorio},
  journal={Energy Economics},
  volume={40},
  pages={155--166},
  year={2013},
  publisher={Elsevier}
}

% 2025 Publications - Multiobjective

@article{chou2025ensemble,
  title={Leveraging ensemble learning-based stock preselection with multiobjective investment optimization for stepwise decision-supported portfolio management},
  author={Chou, Jui-Sheng and Pham, Thi-Bich-Quyen},
  journal={Journal of Big Data},
  volume={12},
  pages={196},
  year={2025},
  publisher={SpringerOpen},
  doi={10.1186/s40537-025-01202-w}
}

@article{nsga3_2025,
  title={Multi-objective portfolio optimization: An application of the Non-Dominated Sorting Genetic Algorithm III},
  author={Authors TBC},
  journal={Journal of Risk and Financial Management},
  volume={13},
  number={1},
  pages={15},
  year={2025},
  publisher={MDPI}
}

@article{de_multiobjective_2025,
  title={Multi-objective differential evolution algorithm integrating a directional generation mechanism for multi-objective optimization problems},
  author={Authors TBC},
  journal={Applied Soft Computing},
  year={2025},
  publisher={Elsevier},
  doi={10.1016/j.asoc.2025.011044}
}

% 2025 Publications - Multi-Period

@article{ahmadi2025multi,
  title={A multi period portfolio optimization: Incorporating stochastic predictions and heuristic algorithms},
  author={Ahmadi, S Ali and Ghasemi, Parham},
  journal={Applied Soft Computing},
  volume={170},
  pages={112662},
  year={2025},
  publisher={Elsevier},
  doi={10.1016/j.asoc.2024.112662}
}

@article{capital_injections_2025,
  title={Multi-period mean-variance portfolio optimization with capital injections},
  author={Authors TBC},
  journal={Mathematics and Computers in Simulation},
  year={2025},
  publisher={Elsevier},
  doi={10.1016/j.matcom.2025.02.006}
}

@article{ddpg_portfolio_2025,
  title={A reinforcement learning approach to dynamic portfolio optimization},
  author={Authors TBC},
  journal={Annals of Operations Research},
  year={2025},
  publisher={Springer},
  doi={10.1007/s10479-025-06649-x}
}

@article{jin2025responsible,
  title={Responsible investing: A multi-period portfolio selection model},
  author={Jin, Chao and Wu, Weiwei and Xie, Jing},
  journal={Expert Systems with Applications},
  year={2025},
  note={In Press},
  publisher={Elsevier},
  doi={10.1016/j.eswa.2025.128343}
}

@article{progressive_hedging_esg_2025,
  title={Managing risk across time: An intertemporal spectral risk measures framework for multi-period portfolio optimization},
  author={Jin, Chao and Gao, Jianbai},
  journal={Mathematics},
  volume={13},
  number={11},
  pages={1754},
  year={2025},
  publisher={MDPI},
  doi={10.3390/math13111754}
}

@article{interval_analysis_2025,
  title={A multi-period optimization framework for portfolio selection using interval analysis},
  author={{\c{S}}erban, Florentin},
  journal={Mathematics},
  volume={13},
  number={10},
  pages={1552},
  year={2025},
  publisher={MDPI},
  doi={10.3390/math13101552}
}

% 2025 Publications - Agricultural Commodities

@article{fang2025hedging,
  title={Hedging climate change news with commodity futures: An index-tracking approach},
  author={Fang, Tong and Yin, Libo},
  journal={Journal of Futures Markets},
  volume={45},
  number={9},
  pages={1361--1387},
  year={2025},
  publisher={Wiley},
  doi={10.1002/fut.70005}
}

@article{demiralay2025stock,
  title={Stock-commodity correlations, optimal hedging, and climate risks},
  author={Demiralay, Sercan and Gencer, Hatice Gaye and Brauneis, Alexander},
  journal={Journal of Futures Markets},
  volume={45},
  number={10},
  pages={1693--1716},
  year={2025},
  publisher={Wiley},
  doi={10.1002/fut.70014}
}

@article{aka2025commodity,
  title={Commodity option return predictability},
  author={Aka, Ahmet and others},
  journal={Journal of Futures Markets},
  volume={45},
  year={2025},
  publisher={Wiley},
  doi={10.1002/fut.22614}
}

@article{etienne2025detangling,
  title={Detangling risk premiums: Common and idiosyncratic components of crude oil, corn, and ethanol futures},
  author={Etienne, Xiaoli L and Li, Bingxin and Liu, Ruijie},
  journal={Journal of Futures Markets},
  volume={45},
  number={9},
  pages={1409--1427},
  year={2025},
  publisher={Wiley}
}

@article{prager2025why,
  title={Why don't farmers use futures and options for hedging? An examination of historical basis risk and cash constraints},
  author={Prager, Daniel L and Burns, Conner B and Williams, Ryan},
  journal={Journal of Futures Markets},
  volume={45},
  number={9},
  pages={1324--1342},
  year={2025},
  publisher={Wiley}
}

% Additional References from Literature Review

@article{steinbach1999markowitz,
  title={Markowitz revisited: Mean-variance models in financial portfolio analysis},
  author={Steinbach, Marc C},
  journal={SIAM Review},
  volume={43},
  number={1},
  pages={31--85},
  year={2001},
  publisher={SIAM}
}

@article{xidonas2020robust,
  title={Robust portfolio optimization: A categorized bibliographic review},
  author={Xidonas, Panos and Steuer, Ralph and Hassapis, Christis},
  journal={Annals of Operations Research},
  volume={292},
  pages={533--552},
  year={2020},
  publisher={Springer},
  doi={10.1007/s10479-020-03630-8}
}

@article{chen2022multiobjective,
  title={Multiobjective portfolio optimization via Pareto front evolution},
  author={Chen, Yong and Zhou, Aimin},
  journal={Complex \& Intelligent Systems},
  volume={8},
  pages={4145--4160},
  year={2022},
  publisher={Springer},
  doi={10.1007/s40747-022-00715-8}
}

@article{leal2022multiobjective,
  title={A multiobjective portfolio optimization for energy assets using D-Optimal design and mixture design of experiments},
  author={Leal, Gilberto Saturnino and Rom{\~a}o, Eugenio Lucas and Reis, Daniel Louzada Pinto E and Balestrassi, Pedro Paulo and Paiva, Anderson Paulo},
  journal={Production},
  volume={32},
  year={2022},
  publisher={SciELO Brasil},
  doi={10.1590/0103-6513.20210119}
}

@article{radulescu2017multiobjective,
  title={A multi-objective approach to multi-period portfolio optimization with transaction costs},
  author={R{\u{a}}dulescu, Marian and R{\u{a}}dulescu, Constantin Zopounidis},
  journal={Financial Decision Aid Using Multiple Criteria},
  pages={93--112},
  year={2017},
  publisher={Springer},
  doi={10.1007/978-3-319-68876-3_4}
}

@article{liu2013multi,
  title={A multi-period portfolio selection optimization model by using interval analysis},
  author={Liu, Yong-Jun and Zhang, Wei-Guo and Zhang, Pu},
  journal={Economic Modelling},
  volume={33},
  pages={113--119},
  year={2013},
  publisher={Elsevier},
  doi={10.1016/j.econmod.2013.03.006}
}

@article{sawik2010selected,
  title={Selected multiobjective methods for multiperiod portfolio optimization by mixed integer programming},
  author={Sawik, Bartosz},
  journal={Applications of Management Science},
  volume={14},
  pages={3--34},
  year={2010},
  publisher={Emerald Group Publishing Limited},
  doi={10.1108/S0276-8976(2010)0000014004}
}

@article{jian2021robust,
  title={Robust multi-period and multi-objective portfolio selection},
  author={Jian, Lu and Wang, Shouyang},
  journal={Journal of Industrial and Management Optimization},
  volume={17},
  number={2},
  pages={695--709},
  year={2021},
  publisher={American Institute of Mathematical Sciences},
  doi={10.3934/jimo.2019130}
}

% Meta-learning reference placeholder
@article{2025_meta_rl,
  title={Meta-reinforcement learning for adaptive portfolio optimization},
  author={Authors TBC},
  journal={Neural Information Processing Systems},
  year={2025},
  note={Conference Paper}
}